<?xml version="1.0" encoding="UTF-8"?><collection xmlns="http://www.loc.gov/MARC21/slim"><record><leader>00496nam--2200181-u-4500</leader><controlfield tag="001">000051012</controlfield><controlfield tag="002">20161230</controlfield><controlfield tag="005">20161230201049</controlfield><controlfield tag="008">080508s1000------------r-----000-0-eng-d</controlfield><datafield ind1=" " ind2=" " tag="040"><subfield code="a">IFIH-HH</subfield></datafield><datafield ind1="1" ind2=" " tag="100"><subfield code="a">Renner, B</subfield></datafield><datafield ind1="1" ind2=" " tag="245"><subfield code="a">Current Algebras and Their Applications</subfield></datafield><datafield ind1=" " ind2=" " tag="260"><subfield code="a">Oxford</subfield><subfield code="b">Pergamon Press</subfield><subfield code="c">1968</subfield></datafield><datafield ind1=" " ind2=" " tag="300"><subfield code="a">1977 p</subfield></datafield><datafield ind1=" " ind2=" " tag="490"><subfield code="a">International Series of Monographs in Natural Philosophy</subfield><subfield code="v">vol. 12</subfield></datafield><datafield ind1="1" ind2=" " tag="700"><subfield code="a">B. Renner</subfield></datafield><datafield ind1=" " ind2=" " tag="852"><subfield code="a">31480</subfield><subfield code="c">512</subfield></datafield><datafield ind1=" " ind2=" " tag="CAT"><subfield code="a">Sys</subfield><subfield code="c">20080508</subfield><subfield code="h">141055</subfield></datafield></record></collection>